
@inproceedings{delay_cooperative_2016,
	address = {Bordeaux, France},
	title = {Cooperative winnery can be a major actor for addapte viticulture localy?},
	booktitle = {{ClimWine}},
	author = {Delay, Etienne and Piou, Cyril and Quenol, Hervé},
	year = {2016}
}

@incollection{delay_modesisbio_2014,
	title = {Modèle {Sisbio} : {Les} apports d’un automate cellulaire au territoire},
	volume = {1},
	url = {https://github.com/MAPS-fr/fichesPedago/raw/master/Recueil_fiches_pedagogiques_MAPS_Juillet_2014.pdf},
	booktitle = {Receuil de fiches pédagogiques du réseau {MAPS}},
	publisher = {MAPS},
	author = {Delay, Etienne and Reulier, Romain and Gaudieux, Aurélie and Thierry, Hugo and Amalric, Marion and Banos, Arnaud and Debonlini, Marta},
	month = jul,
	year = {2014},
	pages = {197--217}
}

@article{delay_mountain_2013,
	title = {Mountain : a way for adaptation to global warming},
	volume = {28},
	issn = {0254-0223},
	number = {1},
	journal = {Ciência e técnica vitivinicola},
	author = {Delay, Etienne and Zottele, Fabio and Quenol, Hervé and De Ros, Giorgio},
	year = {2013}
}

@inproceedings{delay_zoning_2012,
	address = {Dijon / Reims},
	title = {Zoning mountain landscapes for a valorisation of high identity products},
	volume = {1},
	url = {http://terviclim.in2p3.fr/IMG/pdf/13_DELAY.pdf},
	booktitle = {{IX} {International} {Terroir} congress},
	author = {Delay, Etienne and Zottele, Fabio},
	year = {2012},
	pages = {2--13, 2--16}
}

@article{delay_cartographie_2012,
	title = {Cartographie web : comment construire le lien entre territoire et consommateur ?},
	language = {fr},
	number = {213},
	journal = {"CARTES \& GÉOMATIQUE - Un Autre Monde"},
	author = {Delay, Etienne and Zottele, Fabio},
	month = sep,
	year = {2012},
	pages = {70--75}
}

@incollection{zottele_vigneti_2013,
	address = {Trento (Italie)},
	title = {Vigneti di montagna, quanto sono eroici},
	booktitle = {Valle di {Cembra}, il territorio, la gente, il vino},
	publisher = {Artimedia},
	author = {Zottele, Fabio and Andreis, Daniele and Delay, Etienne},
	year = {2013},
	pages = {211--215}
}

@article{delay_overcoming_????,
	title = {Overcoming the final frontier of climate change in viticulture: exploring interactions between society and environment using {Agent} {Based} {Modelling} and {Companion} {Modelling} approaches.},
	journal = {Journal International des Sciences de la Vigne et du Vin (accepté)},
	author = {Delay, Etienne and Becu, Nicolas},
	pages = {1--13}
}

@inproceedings{taillandier_sprite_2016,
	address = {Liège, Belgique},
	title = {Sprite : un modèle de simulation participative pour la sensibilisation au risque de submersion marine sur l’île d'{Oléron}.},
	booktitle = {34e {Rencontres} de l’{AUGC}},
	author = {Taillandier, Franck and Adam, Carole and Delay, Etienne and Plattard, Odile and Toumi, Mira},
	month = mar,
	year = {2016},
	pages = {8}
}

@article{delay_cooperative_2015,
	title = {La coopérative : origine et conséquence des paysages viticoles de montagne ?},
	copyright = {© Journal of Alpine Research {\textbar} Revue de géographie alpine},
	url = {https://rga.revues.org/2719},
	doi = {10.4000/rga.2719},
	language = {fr},
	journal = {Journal of Alpine Research {\textbar} Revue de géographie alpine},
	author = {Delay, Etienne and Chevalier, Marius and Rouvellac, Éric and Zottele, Fabio},
	year = {2015}
}

@inproceedings{delay_lentraide_2016,
	address = {Ste Foy la Grande},
	title = {L’entraide un facteur d’irrigation},
	booktitle = {Les {Reclusiennes}},
	author = {Delay, Etienne and Linton, James and Chevallier, Marius},
	year = {2016}
}

@misc{delay_reflexion_2013,
	address = {FMSH Paris},
	title = {Réflexion sur la coexistence entre agricultures conventionnelles et {SISBIO}},
	author = {Delay, Etienne},
	year = {2013}
}

@inproceedings{delay_cell_2016,
	address = {Bordeaux, France},
	title = {{CeLL}, an agent based model for exploring spatial heterogenity influence of climat change on {Lobesia} botrana developpement},
	booktitle = {{ClimWine}},
	author = {Delay, Etienne and Caffarra, Amelia and Quenol, Hervé},
	year = {2016}
}

@article{delay_victor_????,
	title = {{ViCTOr} : paysage virtuel pour explorer les dynamiques de la {VIticulture} et de la {Consommation} en {TOuRaine}.},
	copyright = {© CNRS-UMR Géographie-cités 8504},
	issn = {1278-3366},
	url = {http://cybergeo.revues.org},
	language = {fr},
	journal = {Cybergeo : European Journal of Geography (accepté)},
	author = {Delay, Etienne and Leturcq, Samuel and Rodier, Xavier},
	keywords = {caractéristique du terroir, paysage, qualité du vin, système complexe, territoire}
}

@article{zottele_quanto_2012,
	title = {Quanto sono eroici? {Nuovi} strumenti per la valorizzazione del lavoro dei viticoltori di montagna},
	number = {4},
	journal = {Terra Trentina},
	author = {Zottele, Fabio and Andreis, Daniele and Delay, Etienne},
	year = {2012},
	pages = {20--23}
}

@article{delay_du_2013,
	title = {Du paysage au terroir viticole de forte pente : à la recherche des leviers du management territorial},
	url = {http://www.projetsdepaysage.fr/fr/du_paysage_au_terroir_viticole_de_forte_pente_a_la_recherche_des_leviers_du_management_territorial},
	number = {9},
	journal = {Projets de paysage},
	author = {Delay, Etienne},
	month = dec,
	year = {2013},
	pages = {1--18}
}

@article{delay_roger_2015,
	title = {Roger {Dion}, toujours vivant !},
	copyright = {© CNRS-UMR Géographie-cités 8504},
	issn = {1278-3366},
	url = {http://cybergeo.revues.org/26961},
	abstract = {Cet article explore au moyen d’un modèle en système multi-agent (SMA) les conditions d’émergence et de structuration historique des territoires de production des vins de qualité décrits dans l’œuvre de Roger Dion, et plus particulièrement dans son article intitulé “Querelles des anciens et des modernes sur les facteurs de la qualité du vin” de 1952 (Dion, 1952).},
	language = {fr},
	urldate = {2015-05-06},
	journal = {Cybergeo : European Journal of Geography},
	author = {Delay, Etienne and Chevallier, Marius},
	month = may,
	year = {2015},
	keywords = {caractéristique du terroir, paysage, qualité du vin, système complexe, territoire}
}

@phdthesis{delay_dialectique_2011,
	address = {Limoges},
	type = {Master 2},
	title = {La dialectique du système : identifier statistiquement des territoires viticoles de terrasse, pour valoriser la viticulture héroique},
	school = {Faculté des lettres et sciences humaines},
	author = {Delay, Etienne},
	year = {2011}
}

@inproceedings{delay_lame_2012,
	address = {Lyon},
	title = {{LAME} : un outil pour comprendre les dynamiques spatiales des territoires viticoles de montagne},
	booktitle = {{IV} congrès international de la viticulture de montagne et de forte pente},
	author = {Delay, Etienne and Bourgoin, Jeremy and Zottele, Fabio and Andreis, Daniele},
	month = oct,
	year = {2012},
	pages = {80--85}
}

@article{delay_mountain_2015,
	title = {The mountain environment, a driver for adaptation to climate change},
	volume = {48},
	issn = {0264-8377},
	url = {http://www.sciencedirect.com/science/article/pii/S0264837715001489},
	doi = {10.1016/j.landusepol.2015.05.008},
	abstract = {The mountain environment is perceived today by vine-growers as a strong structural constraint. Yet in the current context of climate change, in which we turn to genetics, irrigation or innovation in cultural practices to maintain production quality, could the mountain environment emerge as a solution for adapting to climate change in vine-growing? Here we explore the role of cooperative policies that may be deployed on the territorial scale, using an agent-based model. Our model was based on the viticulture of the Banyuls–Collioures AOC area, which is characterized by small-scale vine-growers and marked by widespread involvement in cooperative systems. The simulation results showed an important role of cooperative policies not only to conserve narrow production window and required vine quality, but also in respect of the emblematic landscape structure. These results should foster vine-growers to strengthen their cooperatives and adequately use these organizations to mitigate future climate change impacts.},
	urldate = {2015-05-26},
	journal = {Land Use Policy},
	author = {Delay, Etienne and Piou, Cyril and Quenol, Hervé},
	month = nov,
	year = {2015},
	keywords = {Agent based modeling, Climate change, Landscape, viticulture},
	pages = {51--62}
}

@inproceedings{linton_vinca_2016,
	address = {University of Milano-Bicocca},
	title = {The {Vinca} dam and the withering of canal associations in the {Têt} basin of the {Eastern} {French} {Pyrenees}},
	booktitle = {Water and social relations: {Wittfogel}'s legacy and hydrosocial futures},
	author = {Linton, James and Delay, Etienne},
	month = jul,
	year = {2016}
}

@phdthesis{delay_reflexions_2015,
	address = {Limoges},
	type = {Thèse de doctorat},
	title = {Réflexions géographiques sur l’usage des systèmes multi-agents dans la compréhension des processus d’évolution des territoires viticoles de fortes pentes : {Le} cas de la {Côte} {Vermeille} et du {Val} di {Cembra}},
	school = {Université de Limoges},
	author = {Delay, Etienne},
	month = oct,
	year = {2015}
}

@inproceedings{delay_mobilisation_2015,
	address = {Angers},
	title = {La mobilisation des services écosystémiques comme cadre conceptuel pour une approche intégrée des paysages viticoles méditerranéens},
	booktitle = {Les rencontres du végétales},
	author = {Delay, Etienne and Vinatier, Fabrice},
	month = dec,
	year = {2015}
}

@phdthesis{bregeon_valorisation_2009,
	address = {Limoges},
	type = {mémoire de {Master} 1},
	title = {Valorisation de la viticulture héroïque : de la communication à la gestion du territoire},
	school = {Université de Limoges},
	author = {Bregeon, Claire and Delay, Etienne},
	year = {2009}
}

@inproceedings{delay_cooperative_2015-1,
	address = {Paris},
	title = {The {Cooperative} : origin and consequence of mountain vineyard landscapes?},
	shorttitle = {The {Cooperative}},
	url = {https://halshs.archives-ouvertes.fr/halshs-01155666},
	abstract = {In an economy of increased globalization and trade, wine holds a privileged place. The wine cooperative system in vineyards in mountain regions, such as in Banyuls-sur-Mer, France and the Val di Cembra, Italy, offers a privileged context for studying the opportunities for individual action that affect precarious socio-economic balances. To understand, and sometimes predict, changes in the socio-economics and landscapes of a region due to cooperatives, we have used a multi-agent system (MAS) to model the behavior of the actors involved in wine production in a cooperative. This model analyses cooperative systems’ impact on socio-economic factors (income inequality and the rate of business failure) and landscapes (percentage of total land as vineyards, particularly in steep areas) of the regions considered. The findings show that cooperatives play a role of socio-economic and landscape stabilizer in these regions},
	language = {en},
	urldate = {2015-05-27},
	booktitle = {{ICA} {Research} {International} {Conference}},
	author = {Delay, Etienne and Chevallier, Marius and Rouvellac, Éric and Zottele, Fabio},
	month = may,
	year = {2015}
}

@inproceedings{delay_modelisation_2014,
	address = {Tokaji-Eger},
	title = {Modélisation sur le temps long des facteurs de qualité du vin},
	volume = {1},
	url = {http://hal.archives-ouvertes.fr/hal-01054368},
	abstract = {Ce travail a débuté comme un jeu intellectuel qui avait pour but de réfléchir sur la notion de qualité des vins du point de vue du terroir et des structures spatiales du territoire. La qualité de la vigne et du vin sont des notions qui sont Dupuis longtemps questionner par le monde scientifique. Chaque discipline les abordant avec ses propres outils. Un géographe français à profondément marquer l'histoire de la discipline à ce sujet est Roger DION (1896-1981) avec une approche résolument sociale et historique de la construction spatiale des vignobles. Dans ce travail nous nous proposons de revisiter l'un des articles fondateurs de Roger Dion (1952) sur la géographie viticole avec de nouveaux outils : le calcul distribué et la modélisation multi-agents (SMA). Ce papier est une opportunité de rediscuter des origines de la qualité du vin, de son développement, de son évolution à travers le temps, en considérant un certain nombre de facteurs formaliser à partir de R. Dion.},
	urldate = {2014-08-11},
	booktitle = {Xth {International} {Terroirs} {Congress}},
	author = {Delay, Etienne and Chevallier, Marius and Piou, Cyril and Rouvellac, Éric},
	month = jul,
	year = {2014},
	keywords = {paysage, SMA, système multi-agents, viticultureRoger DION},
	pages = {218--224}
}

@inproceedings{delay_virtual_2015,
	address = {Pech Rouge - Montpellier - (Lauréat du meilleur poster scientifique)},
	title = {A virtual pest to test a real method of integrated pest management:  agent-based models as a tool to explore the behavior of {L}. botrana during mating disruption.},
	booktitle = {{GiESCO} congress},
	author = {Delay, Etienne and Caffarra, Amelia},
	month = jun,
	year = {2015}
}

@article{delay_impact_2013,
	title = {Impact of cooperation on vineyards mountain landscape},
	volume = {28},
	issn = {0254-0223},
	number = {1},
	journal = {Ciência e técnica vitivinicola},
	author = {Delay, Etienne and Bourgoin, Jeremy and Zottele, Fabio},
	year = {2013}
}

@article{zottele_e_2015,
	title = {È possibile descrivere la resistenza dei paesaggi vitati di montagna utilizzando un territorio virtuale? {Il} caso trentino},
	issn = {1760-5296},
	url = {http://revuesshs.u-bourgogne.fr/territoiresduvin/document.php?id=1621},
	language = {Italien},
	number = {6},
	journal = {Territoires du vin},
	author = {Zottele, Fabio and Delay, Etienne},
	year = {2015}
}

@inproceedings{becu_participatory_2016,
	address = {Toulouse},
	title = {Participatory simulation of coastal flooding: building social learning on prevention measures with decision-makers},
	booktitle = {International {Environmental} {Modelling} and {Software} {Society}},
	author = {Becu, Nicolas and Amalric, Marion and Anselme, Brice and Beck, Elise and Bertin, Xavier and Delay, Etienne and Long, Nathalie and Manson, Corinne and Marilleau, Nicolas and Pignon-Mussaud, Cécilia and Rousseaux, Frédéric},
	year = {2016}
}

@inproceedings{adam_sprite_2016,
	address = {Madrid},
	title = {{SPRITE} – participatory simulation for raising awareness about marine submersion risk on the {Oleron} island.},
	booktitle = {International {Conference} on {Information} {Systems} for {Crisis} {Response} and {Management} in {Mediterranean} {Countries}},
	author = {Adam, Carole and Taillandier, Franck and Delay, Etienne and Plattard, Odile and Toumi, Mira},
	month = oct,
	year = {2016}
}

@article{taillandier_sprite_2016-1,
	title = {Sprite : un modèle de simulation participative pour la sensibilisation au risque de submersion marine sur l’île d'{Oléron}.},
	journal = {Les annales du BTP (en relecture)},
	author = {Taillandier, Franck and Adam, Carole and Delay, Etienne and Plattard, Odile and Toumi, Mira},
	month = mar,
	year = {2016},
	pages = {8}
}
