
@inproceedings{delay_cooperative_2016,
	address = {Bordeaux, France},
	title = {Cooperative winnery can be a major actor for addapte viticulture localy?},
	booktitle = {{ClimWine}},
	author = {Delay, Etienne and Piou, Cyril and Quenol, Hervé},
	year = {2016}
}

@incollection{delay_modesisbio_2014,
	title = {Modèle {Sisbio} : {Les} apports d’un automate cellulaire au territoire},
	volume = {1},
	url = {https://github.com/MAPS-fr/fichesPedago/raw/master/Recueil_fiches_pedagogiques_MAPS_Juillet_2014.pdf},
	booktitle = {Receuil de fiches pédagogiques du réseau {MAPS}},
	publisher = {MAPS},
	author = {Delay, Etienne and Reulier, Romain and Gaudieux, Aurélie and Thierry, Hugo and Amalric, Marion and Banos, Arnaud and Debonlini, Marta},
	month = jul,
	year = {2014},
	pages = {197--217}
}

@article{delay_mountain_2013,
	title = {Mountain : a way for adaptation to global warming},
	volume = {28},
	issn = {0254-0223},
	number = {1},
	journal = {Ciência e técnica vitivinicola},
	author = {Delay, Etienne and Zottele, Fabio and Quenol, Hervé and De Ros, Giorgio},
	year = {2013}
}

@inproceedings{delay_zoning_2012,
	address = {Dijon / Reims},
	title = {Zoning mountain landscapes for a valorisation of high identity products},
	volume = {1},
	url = {http://terviclim.in2p3.fr/IMG/pdf/13_DELAY.pdf},
	booktitle = {{IX} {International} {Terroir} congress},
	author = {Delay, Etienne and Zottele, Fabio},
	year = {2012},
	pages = {2--13, 2--16}
}

@article{delay_cartographie_2012,
	title = {Cartographie web : comment construire le lien entre territoire et consommateur ?},
	language = {fr},
	number = {213},
	journal = {"CARTES \& GÉOMATIQUE - Un Autre Monde"},
	author = {Delay, Etienne and Zottele, Fabio},
	month = sep,
	year = {2012},
	pages = {70--75}
}

@incollection{zottele_vigneti_2013,
	address = {Trento (Italie)},
	title = {Vigneti di montagna, quanto sono eroici},
	booktitle = {Valle di {Cembra}, il territorio, la gente, il vino},
	publisher = {Artimedia},
	author = {Zottele, Fabio and Andreis, Daniele and Delay, Etienne},
	year = {2013},
	pages = {211--215}
}

@inproceedings{delay_simulation_2015,
	address = {Besançon, France},
	title = {Simulation des dynamiques spatiales d'un territoire agro-viticole : premier pas vers le modèle {VitiTerroir}},
	booktitle = {Rencontres {ThéoQuant}},
	author = {Delay, Etienne and Lammoglia, Adrien and Letrurcq, Samuel and Rouvellac, Éric},
	year = {2015}
}

@article{delay_overcoming_nodate,
	title = {Overcoming the final frontier of climate change in viticulture: exploring interactions between society and environment using {Agent} {Based} {Modelling} and {Companion} {Modelling} approaches.},
	journal = {OENO One (accepté)},
	author = {Delay, Etienne and Becu, Nicolas},
	pages = {1--13}
}

@article{delay_cooperative_2015,
	title = {La coopérative : origine et conséquence des paysages viticoles de montagne ?},
	copyright = {© Journal of Alpine Research {\textbar} Revue de géographie alpine},
	url = {https://rga.revues.org/2719},
	doi = {10.4000/rga.2719},
	language = {fr},
	journal = {Journal of Alpine Research {\textbar} Revue de géographie alpine},
	author = {Delay, Etienne and Chevalier, Marius and Rouvellac, Éric and Zottele, Fabio},
	year = {2015}
}

@article{taillandier_sprite_2016,
	title = {Sprite : un modèle de simulation participative pour la sensibilisation au risque de submersion marine sur l’île d'{Oléron}.},
	journal = {Les annales du BTP},
	author = {Taillandier, Franck and Adam, Carole and Delay, Etienne and Plattard, Odile and Toumi, Mira},
	month = mar,
	year = {2016},
	pages = {8}
}

@inproceedings{delay_lentraide_2016,
	address = {Ste Foy la Grande},
	title = {L’entraide un facteur d’irrigation},
	booktitle = {Les {Reclusiennes}},
	author = {Delay, Etienne and Linton, James and Chevallier, Marius},
	year = {2016}
}

@misc{delay_reflexion_2013,
	address = {FMSH Paris},
	title = {Réflexion sur la coexistence entre agricultures conventionnelles et {SISBIO}},
	author = {Delay, Etienne},
	year = {2013}
}

@inproceedings{delay_cell_2016,
	address = {Bordeaux, France},
	title = {{CeLL}, an agent based model for exploring spatial heterogenity influence of climat change on {Lobesia} botrana developpement},
	booktitle = {{ClimWine}},
	author = {Delay, Etienne and Caffarra, Amelia and Quenol, Hervé},
	year = {2016}
}

@article{delay_victor_2017,
	title = {{ViCTOr} : paysage virtuel pour explorer les dynamiques de la {VIticulture} et de la {Consommation} en {TOuRaine}.},
	url = {http://cybergeo.revues.org},
	doi = {10.4000/cybergeo.28356},
	urldate = {2017-06-20},
	journal = {Cybergeo : European Journal of Geography},
	author = {Delay, Etienne and Leturcq, Samuel and Rodier, Xavier},
	year = {2017}
}

@article{zottele_quanto_2012,
	title = {Quanto sono eroici? {Nuovi} strumenti per la valorizzazione del lavoro dei viticoltori di montagna},
	number = {4},
	journal = {Terra Trentina},
	author = {Zottele, Fabio and Andreis, Daniele and Delay, Etienne},
	year = {2012},
	pages = {20--23}
}

@article{delay_du_2013,
	title = {Du paysage au terroir viticole de forte pente : à la recherche des leviers du management territorial},
	url = {http://www.projetsdepaysage.fr/fr/du_paysage_au_terroir_viticole_de_forte_pente_a_la_recherche_des_leviers_du_management_territorial},
	number = {9},
	journal = {Projets de paysage},
	author = {Delay, Etienne},
	month = dec,
	year = {2013},
	pages = {1--18}
}

@inproceedings{becu_participatory_2016,
	address = {Toulouse, France},
	title = {Participatory simulation of coastal flooding: building social learning on prevention measures with decision-makers},
	booktitle = {International {Environmental} {Modelling} and {Software} {Society}},
	author = {Becu, Nicolas and Amalric, Marion and Anselme, Brice and Beck, Elise and Bertin, Xavier and Delay, Etienne and Long, Nathalie and Manson, Corinne and Marilleau, Nicolas and Pignon-Mussaud, Cécilia and Rousseaux, Frédéric},
	year = {2016}
}

@inproceedings{delay_les_2014,
	address = {Toulouse},
	title = {Les territoires viticoles, entre espace d'innovation et innovation d'espaces},
	url = {http://hal.archives-ouvertes.fr/hal-01054374},
	abstract = {La filière viticole est l'un des principaux moteurs de l'exportation de produits agroalimentaires en France. L'Europe se taille la part du lion dans la production mondiale, avec l'Italie, la France et l'Espagne dans le trio de tête des pays producteurs. Mais ces données masquent des réalités spatiales très hétérogènes. En effet les différentes régions, AOC, ou IGP n'accèdent pas de la même manière au marché globalisé (Rouvellac et al., 2012 ; Schirmer, 2007). Les stratégies de la filière de manière générale (Chiffoleau et al., 2001; Touzard et al., 2008) et des viticulteurs en particulier (Touzard et al., 2003) sont déterminantes quant aux dynamiques territoriales qui peuvent se mettre en place (Bertrand and Bertrand, 2002 ; Gumuchian and Pecqueur, 2007). Dans ce contexte, on observe depuis une dizaine d'années, une grande diversité de dynamiques locales, allant de la relance de vignobles, à des réorientations individuelles ou collectives de la production sur des territoires déjà largement structurés par le vignoble (Hinnewinkel, 2007, 2004). Ces innovations ou modernisations des territoires (Touzard et al., 2003) résultent de la combinaison d'un grand nombre de facteurs locaux, régionaux et/ou nationaux, qui trouvent des résonances localement. Nous proposons ici d'explorer les conditions d'émergence (Gilbert and Troitzsch, 2005) et de diffusion des innovations sur les territoires viticoles, ainsi que la manière dont elles permettent de faire terroir et territoire. En nous basant sur différents territoires d'étude (AOC Banyuls Collioure, diffusion des pratiques biodynamiques dans la vallée du Rhône...), nous avons formalisé et construit un premier modèle informatique distribué dont nous proposons ici l'analyse et la discussion de quelques résultats. Nous présenterons donc un modèle multi-agents théorique (Ferber 1995, Epstein and Axtell, 1996), qui nous permettra d'explorer un très grand nombre de configurations qui seront mises au regard d'exemples viticoles issus de nos territoires d'étude. Nous exposerons ici les premiers résultats d'une démarche de recherche conjointe de deux doctorants.},
	urldate = {2014-08-11},
	booktitle = {Vin, innovation et mondialisation : enjeux et perspectives},
	author = {Delay, Etienne and Marcelin, Florian},
	month = jun,
	year = {2014},
	keywords = {Innovation, pente, SMA, système multi-agents, viticulture},
	pages = {1--13}
}

@article{delay_roger_2015,
	title = {Roger {Dion}, toujours vivant !},
	copyright = {© CNRS-UMR Géographie-cités 8504},
	issn = {1278-3366},
	url = {http://cybergeo.revues.org/26961},
	abstract = {Cet article explore au moyen d’un modèle en système multi-agent (SMA) les conditions d’émergence et de structuration historique des territoires de production des vins de qualité décrits dans l’œuvre de Roger Dion, et plus particulièrement dans son article intitulé “Querelles des anciens et des modernes sur les facteurs de la qualité du vin” de 1952 (Dion, 1952).},
	language = {fr},
	urldate = {2015-05-06},
	journal = {Cybergeo : European Journal of Geography},
	author = {Delay, Etienne and Chevallier, Marius},
	month = may,
	year = {2015},
	keywords = {caractéristique du terroir, paysage, qualité du vin, système complexe, territoire}
}

@phdthesis{delay_dialectique_2011,
	address = {Limoges},
	type = {Master 2},
	title = {La dialectique du système : identifier statistiquement des territoires viticoles de terrasse, pour valoriser la viticulture héroique},
	school = {Faculté des lettres et sciences humaines},
	author = {Delay, Etienne},
	year = {2011}
}

@inproceedings{delay_lame_2012,
	address = {Lyon},
	title = {{LAME} : un outil pour comprendre les dynamiques spatiales des territoires viticoles de montagne},
	booktitle = {{IV} congrès international de la viticulture de montagne et de forte pente},
	author = {Delay, Etienne and Bourgoin, Jeremy and Zottele, Fabio and Andreis, Daniele},
	month = oct,
	year = {2012},
	pages = {80--85}
}

@article{delay_mountain_2015,
	title = {The mountain environment, a driver for adaptation to climate change},
	volume = {48},
	issn = {0264-8377},
	url = {http://www.sciencedirect.com/science/article/pii/S0264837715001489},
	doi = {10.1016/j.landusepol.2015.05.008},
	abstract = {The mountain environment is perceived today by vine-growers as a strong structural constraint. Yet in the current context of climate change, in which we turn to genetics, irrigation or innovation in cultural practices to maintain production quality, could the mountain environment emerge as a solution for adapting to climate change in vine-growing? Here we explore the role of cooperative policies that may be deployed on the territorial scale, using an agent-based model. Our model was based on the viticulture of the Banyuls–Collioures AOC area, which is characterized by small-scale vine-growers and marked by widespread involvement in cooperative systems. The simulation results showed an important role of cooperative policies not only to conserve narrow production window and required vine quality, but also in respect of the emblematic landscape structure. These results should foster vine-growers to strengthen their cooperatives and adequately use these organizations to mitigate future climate change impacts.},
	urldate = {2015-05-26},
	journal = {Land Use Policy},
	author = {Delay, Etienne and Piou, Cyril and Quenol, Hervé},
	month = nov,
	year = {2015},
	keywords = {Agent based modeling, Climate change, Landscape, viticulture},
	pages = {51--62}
}

@inproceedings{delay_littosim_2016,
	address = {Lille, France},
	title = {{LittoSim} : un jeu sérieux de simulation participative pour la sensibilisation aux risques liés aux submersions marines},
	booktitle = {L'urbanisme, l'architecture et le jeu},
	author = {Delay, Etienne and Amalric, Marion and Marilleau, Nicolas and Becu, Nicolas and Anselme, Brice and Beck, Elise and Bertin, Xavier and Long, Nathalie and Manson, Corinne and Pignon-Mussaud, Cécilia and Rousseaux, Frédéric},
	year = {2016}
}

@inproceedings{linton_death_2016,
	address = {University of Manchester},
	title = {Death by certainty: {The} {Vinca} dam, the {French} state, and the changing social relations of irrigation the {Têt} basin of the {Eastern} {French} {Pyrenees}},
	booktitle = {Water, {Technology} and the {Nation}-{State}},
	author = {Linton, James and Delay, Etienne},
	month = oct,
	year = {2016}
}

@inproceedings{zottele_chasing_2017,
	address = {Conegliano (TV) - Italy},
	title = {Chasing the landscape capital in space and time: a model for {Val} di {Cembra}},
	booktitle = {Extreme viticulture: values, beauties, alliances, vulnerabilities},
	author = {Zottele, Fabio and Delay, Etienne},
	month = mar,
	year = {2017}
}

@inproceedings{linton_vinca_2016,
	address = {University of Milano-Bicocca},
	title = {The {Vinca} dam and the withering of canal associations in the {Têt} basin of the {Eastern} {French} {Pyrenees}},
	booktitle = {Water and social relations: {Wittfogel}'s legacy and hydrosocial futures},
	author = {Linton, James and Delay, Etienne},
	month = jul,
	year = {2016}
}

@phdthesis{delay_reflexions_2015,
	address = {Limoges},
	type = {Thèse de doctorat},
	title = {Réflexions géographiques sur l’usage des systèmes multi-agents dans la compréhension des processus d’évolution des territoires viticoles de fortes pentes : {Le} cas de la {Côte} {Vermeille} et du {Val} di {Cembra}},
	school = {Université de Limoges},
	author = {Delay, Etienne},
	month = jun,
	year = {2015}
}

@inproceedings{delay_mobilisation_2015,
	address = {Angers},
	title = {La mobilisation des services écosystémiques comme cadre conceptuel pour une approche intégrée des paysages viticoles méditerranéens},
	booktitle = {Les rencontres du végétales},
	author = {Delay, Etienne and Vinatier, Fabrice},
	month = jan,
	year = {2015}
}

@phdthesis{bregeon_valorisation_2009,
	address = {Limoges},
	type = {mémoire de {Master} 1},
	title = {Valorisation de la viticulture héroïque : de la communication à la gestion du territoire},
	school = {Université de Limoges},
	author = {Bregeon, Claire and Delay, Etienne},
	year = {2009}
}

@inproceedings{delay_cooperative_2015-1,
	address = {Paris},
	title = {The {Cooperative} : origin and consequence of mountain vineyard landscapes?},
	shorttitle = {The {Cooperative}},
	url = {https://halshs.archives-ouvertes.fr/halshs-01155666},
	abstract = {In an economy of increased globalization and trade, wine holds a privileged place. The wine cooperative system in vineyards in mountain regions, such as in Banyuls-sur-Mer, France and the Val di Cembra, Italy, offers a privileged context for studying the opportunities for individual action that affect precarious socio-economic balances. To understand, and sometimes predict, changes in the socio-economics and landscapes of a region due to cooperatives, we have used a multi-agent system (MAS) to model the behavior of the actors involved in wine production in a cooperative. This model analyses cooperative systems’ impact on socio-economic factors (income inequality and the rate of business failure) and landscapes (percentage of total land as vineyards, particularly in steep areas) of the regions considered. The findings show that cooperatives play a role of socio-economic and landscape stabilizer in these regions},
	language = {en},
	urldate = {2015-05-27},
	booktitle = {{ICA} {Research} {International} {Conference}},
	author = {Delay, Etienne and Chevallier, Marius and Rouvellac, Éric and Zottele, Fabio},
	month = may,
	year = {2015}
}

@inproceedings{delay_modelisation_2014,
	address = {Tokaji-Eger},
	title = {Modélisation sur le temps long des facteurs de qualité du vin},
	volume = {1},
	url = {http://hal.archives-ouvertes.fr/hal-01054368},
	abstract = {Ce travail a débuté comme un jeu intellectuel qui avait pour but de réfléchir sur la notion de qualité des vins du point de vue du terroir et des structures spatiales du territoire. La qualité de la vigne et du vin sont des notions qui sont Dupuis longtemps questionner par le monde scientifique. Chaque discipline les abordant avec ses propres outils. Un géographe français à profondément marquer l'histoire de la discipline à ce sujet est Roger DION (1896-1981) avec une approche résolument sociale et historique de la construction spatiale des vignobles. Dans ce travail nous nous proposons de revisiter l'un des articles fondateurs de Roger Dion (1952) sur la géographie viticole avec de nouveaux outils : le calcul distribué et la modélisation multi-agents (SMA). Ce papier est une opportunité de rediscuter des origines de la qualité du vin, de son développement, de son évolution à travers le temps, en considérant un certain nombre de facteurs formaliser à partir de R. Dion.},
	urldate = {2014-08-11},
	booktitle = {Xth {International} {Terroirs} {Congress}},
	author = {Delay, Etienne and Chevallier, Marius and Piou, Cyril and Rouvellac, Éric},
	month = jul,
	year = {2014},
	keywords = {paysage, SMA, système multi-agents, viticultureRoger DION},
	pages = {218--224}
}

@inproceedings{zottele_how_2017,
	address = {Conegliano (TV) - Italy},
	title = {How much can a virtual territory help us to understand the resilience of the heroic viticulture? {A} case study in {Trentino} ({IT})},
	booktitle = {Extreme viticulture: values, beauties, alliances, vulnerabilities},
	author = {Zottele, Fabio and Delay, Etienne},
	month = mar,
	year = {2017}
}

@inproceedings{delay_virtual_2015,
	address = {Pech Rouge - Montpellier - (Lauréat du meilleur poster scientifique)},
	title = {A virtual pest to test a real method of integrated pest management:  agent-based models as a tool to explore the behavior of {L}. botrana during mating disruption.},
	booktitle = {{GiESCO} congress},
	author = {Delay, Etienne and Caffarra, Amelia},
	month = jun,
	year = {2015}
}

@article{delay_impact_2013,
	title = {Impact of cooperation on vineyards mountain landscape},
	volume = {28},
	issn = {0254-0223},
	number = {1},
	journal = {Ciência e técnica vitivinicola},
	author = {Delay, Etienne and Bourgoin, Jeremy and Zottele, Fabio},
	year = {2013}
}

@article{zottele_e_2015,
	title = {È possibile descrivere la resistenza dei paesaggi vitati di montagna utilizzando un territorio virtuale? {Il} caso trentino},
	issn = {1760-5296},
	url = {http://revuesshs.u-bourgogne.fr/territoiresduvin/document.php?id=1621},
	language = {Italien},
	number = {6},
	journal = {Territoires du vin},
	author = {Zottele, Fabio and Delay, Etienne},
	year = {2015}
}

@inproceedings{delay_great_2017,
	address = {Aveiro (Portugal)},
	title = {A {Great} {Green} {Wall} social-ecological systems database},
	url = {https://halshs.archives-ouvertes.fr/halshs-01521755},
	abstract = {Framework and discussion about database and modelisation},
	language = {en},
	urldate = {2017-06-20},
	booktitle = {Séminaire {LabEX} {DRIIHM}},
	author = {Delay, Etienne},
	month = may,
	year = {2017},
	file = {Snapshot:/home/delaye/.mozilla/firefox/3d7brbzt.default/zotero/storage/SD9EBTSJ/halshs-01521755v1.html:text/html}
}

@inproceedings{niang_perception_2017,
	address = {Aveiro (Portugal)},
	title = {Perception de l'arbre en contexte {Sahélien}},
	url = {https://halshs.archives-ouvertes.fr/halshs-01521743},
	abstract = {Dans le cadre de l’OHMi – Téssékéré et de l’ANR « Future Sahel », une recherche est conduite sur les usages des arbres en tant que pourvoyeur de ressources et vecteurs de services écosystémiques pour les acteurs locaux. En fonction du degré d’enclavement des zones concernées par l’étude, mais aussi des espèces botaniques accessibles et des pratiques culturelles et culturales locales qui leur sont associées, l’arbre sera utilisé (ou non) dans son intégralité (et peut-être différemment) par les hommes ou leurs troupeaux. Cette dépendance critique met l’ensemble des services écosystémiques liés aux arbres en tension et mieux comprendre la place qu’occupe l’arbre dans l’espace perçu et l’espace vécu des populations sahéliennes devient un facteur clef la gestion des ressources naturelles et plus particulièrement pour les stratégies de reboisement lancé dans le cadre de la grande muraille verte au Sénégal. Cette meilleure compréhension constitue également un des éléments clés de l’accroissement de résilience socio-environnementale dans une zone où cette végétation est fortement dégradée par le surpâturage et où la ressource végétale bien exploitée et valorisée pourrait beaucoup mieux pouvoir qu’actuellement au bien-être des populations et à leur résilience économique. Pour comprendre et explorer la manière dont les acteurs perçoivent les ressources liées aux arbres et la manière dont ils les mobilisent individuellement ou collectivement, un travail de recherche en cours. Réalisé par Khoudia Niang, ethnobotaniste et écologue, et animé par Deborah Goffner, il vise à mettre en évidence les relations et les types d’utilisation que les acteurs ont avec les arbres dans des systèmes socio-ecologiques contrastés situés sur le tracé de la Grande Muraille Verte (GMV). Ce travail prend la forme d’une enquête par questionnaires complétée d’entretiens en focus-groups. Il conduira à l’élaboration et à la formalisation d’une cartographie des « éco-socio-patches » basée sur les techniques de l’écologie du paysage et réalisée avec le concours de Jean-Luc Peiry, et à l’élaboration d’un modèle informatique individus-centrés, réalisé par Etienne Delay. Ces formalisations (spatiales et comportementales) au sein d’un modèle spatialement explicite permettront d’alimenter des ateliers participatifs avec les acteurs locaux durant lesquels le modèle sera confronté, validé, ou infirmé par les acteurs dans une approche itérative visant à traduire de manière acceptable les dynamiques spatio-temporelles qui sont à l’œuvre sur le tracé de la GMV. L’exploration du système, menée conjointement par entretiens et questionnaires et combinée avec un formalisme à base d’agents dans une approche participative, nous permettra d’explorer deux facettes de la perception des arbres en milieux sahéliens : i) identifier la manière dont les populations locales perçoivent les changements dans leur environnement et les répercussions que cela a sur leurs pratiques ii) projeter dans le temps ces changements de pratiques pour évaluer leurs impacts sur le système sahélien. Dans ce travail nous nous inscrivons dans une approche conceptuelle où l’événement social est le produit, du comportement d’un agrégat d’individus (individualisme méthodologique) et nous aurons abondamment recours aux sciences de la complexité (analyse des émergences, modélisation individu-centré).},
	language = {fr},
	urldate = {2017-06-20},
	booktitle = {Séminaire {LabEX} {DRIIHM}},
	author = {Niang, Khoudia and Delay, Etienne and Peiry, Jean-Luc and Goffner, Deborah},
	month = may,
	year = {2017},
	file = {Snapshot:/home/delaye/.mozilla/firefox/3d7brbzt.default/zotero/storage/F5SWJM4J/halshs-01521743v1.html:text/html}
}

@inproceedings{adam_sprite_2016,
	title = {{SPRITE} – {Participatory} {Simulation} for {Raising} {Awareness} {About} {Coastal} {Flood} {Risk} on the {Oleron} {Island}},
	url = {https://link.springer.com/chapter/10.1007/978-3-319-47093-1_4},
	doi = {10.1007/978-3-319-47093-1_4},
	abstract = {Coastal flood is a major risk for the French Atlantic coast and its island territories, and its management is a key issue for local authorities. Good management of this risk requires understanding the need for a trade-off between occupant safety, attractiveness of the island, environmental development, costs minimisation and population satisfaction. But such a trade-off can be difficult to find and to understand, for both decision makers and the population. SPRITE is a serious game aiming to answer this problem by placing the player in the role of a decision maker and letting them explore various (more or less balanced) policies. The knowledge gained from playing SPRITE can benefit both decision makers, enabling them to make more informed decisions, and residents, helping them to understand the issues involved in territory management.},
	language = {en},
	urldate = {2017-06-20},
	booktitle = {Information {Systems} for {Crisis} {Response} and {Management} in {Mediterranean} {Countries}},
	publisher = {Springer, Cham},
	author = {Adam, Carole and Taillandier, Franck and Delay, Etienne and Plattard, Odile and Toumi, Mira},
	month = oct,
	year = {2016},
	pages = {33--46},
	file = {Snapshot:/home/delaye/.mozilla/firefox/3d7brbzt.default/zotero/storage/89KMN7N9/978-3-319-47093-1_4.html:text/html}
}

@article{delay_when_nodate,
	title = {When does cooperation pay in front of spatial-temporal variability of resources?},
	journal = {Journal of Artificial Societies and Social Simulation (soumis)},
	author = {Delay, Etienne and Piou, Cyril},
	pages = {1--18}
}

@article{delay_exchange_nodate,
	title = {The exchange of freedom for hydrological certainty and the farmers of the {Pyrenees} {Orientales} of {France}},
	journal = {Environment and Planning C (soumis)},
	author = {Delay, Etienne and Linton, James},
	pages = {1--20}
}

@incollection{linton_death_nodate,
	address = {Oxon, UK},
	title = {Death by certainty: {The} {Vinca} dam, the {French} state, and the changing social relations of irrigation the {Têt} basin of the {Eastern} {French} {Pyrenees}},
	booktitle = {Water, {Technology} and the {Nation}-{State}},
	publisher = {Taylor \& Francis (Accept.)},
	author = {Linton, James and Delay, Etienne},
	editor = {Menga, Filippo and Swyngedouw, Erik},
	pages = {1--16}
}